@article{astroclip,
  title={AstroCLIP: Cross-Modal Pre-training for Astronomical Foundation Models},
  author={Francois Lanusse and Liam Parker and Siavash Golkar and Miles Cranmer and others},
  journal={arXiv:2310.03024},
  year={2023}
}
