@article{astroclip,
  title={AstroCLIP: Cross-Modal Pre-training for Astronomical Foundation Models},
  author={Liam Parker and Francois Lanusse and Siavash Golkar and Miles Cranmer and others},
  journal={arXiv:2310.03024},
  year={2024},
  month={Jun},
}

@article{stein2021,
  title={Self-supervised similarity search for large scientific datasets},
  author={George Stein and Peter Harrington and Jacqueline Blaum and Tomislav Medan and Zarija Lukic and others},
  journal={arxiv:2110.13151},
  year={2021},
  month={Nov},
}

@article{stein2022,
  title={Mining for strong gravitational lenses with self-supervised learning},
  author={George Stein and Jacqueline Blaum and Peter Harrington and Tomislav Medan and Zarija Lukic},
  journal={arxiv:2110.00023},
  year={2022},
  month={Jun},
}

@article{desilegacy2018,
  title={Overview of the DESI Legacy Imaging Surveys},
  author={Arjun Dey and David J. Schlegel and Dustin Lang and others},
  journal={arXiv:1804.08657},
  year={2019},
  month={Feb},
}

@article{moco2020,
  title={Momentum Contrast for Unsupervised Visual Representation Learning},
  author={Kaiming He and Haoqi Fan and Yuxin Wu and Saining Xie and Ross Girshick},
  journal={arXiv:1911.05722},
  year={2020},
  month={Mar},
}

@article{mocov22020,
  title={Improved Baselines with Momentum Contrastive Learning},
  author={Xinlei Chen and Haoqi Fan and Ross Girshick and Kaiming He},
  journal={arXiv:2003.04297},
  year={2020},
  month={Mar},
}

@article{desiearly2023,
  title={The Early Data Release of the Dark Energy Spectroscopic Instrument},
  author={DESI Collaboration and A. G. Adame and J. Aguilar and others},
  journal={arXiv:2306.06308},
  year={2023},
  month={Jun},
}

@article{provabgs2021,
  title={The DESI PRObabilistic Value-Added Bright Galaxy Survey (PROVABGS) Mock Challenge},
  author={ChangHoon Hahn and K.J. Kwon and Rita Tojeiro and others},
  journal={arXiv:2202.01809},
  year={2022},
  month={Feb},
}

@article{liang2023,
  title={Outlier Detection in the DESI Bright Galaxy Survey},
  author={Yan Liang and Peter Melchior and ChangHoon Hahn and Jeff Shen and Andy Goulding and Charlotte Ward},
  journal={arXiv:2307.07664},
  year={2023},
  month={Jul},
}

@article{melchior2022,
  title={Autoencoding Galaxy Spectra I: Architecture},
  author={Peter Melchior and Yan Liang and ChangHoon Hahn and Andy Goulding},
  journal={arXiv:2211.07890},
  year={2022},
  month={Nov},
}

@article{oord2019,
  title={Representation Learning with Contrastive Predictive Coding},
  author={Aaron van den Oord and Yazhe Li and Oriol Vinyals},
  journal={arXiv:1807.03748},
  year={2019},
  month={Jan},
}

@article{york2000,
  title={The Sloan Digital Sky Survey: Technical Summary},
  author={Donald York and The SDSS Collaboration and others},
  journal={arXiv:astro-ph/0006396},
  year={2000},
  month={Jun},
}

@article{willet2013,
  title={Galaxy Zoo 2: detailed morphological classifications for 304 122 galaxies from the Sloan Digital Sky Survey},
  author={Kyle W. Willett and Chris J. Lintott and Steven P. Bamford and Karen L. Masters and others},
  journal={https://doi.org/10.1093/mnras/stt1458},
  year={2013},
  month={Sep},
}

@article{hayat2021,
  title={Estimating Galactic Distances From Images Using Self-supervised Representation Learning},
  author={KMd Abul Hayat and Peter Harrington and George Stein and Zarija Lukić and Mustafa Mustafa},
  journal={arXiv:2101.04293},
  year={2021},
  month={Jan},
}

@article{devlin2019,
  title={BERT: Pre-training of Deep Bidirectional Transformers for Language Understanding},
  author={Jacob Devlin and Ming-Wei Chang and Kenton Lee and Kristina Toutanova},
  journal={arXiv:1810.04805},
  year={2019},
  month={May},
}

@article{radford2018,
  title={Improving Language Understanding by Generative Pre-Training},
  author={Alec Radford and Karthik Narasimhan and Tim Salimans and Ilya Sutskever},
  journal={OpenAI},
  year={2018},
}

@article{shin2016,
  title={Deep Convolutional Neural Networks for Computer-Aided Detection: CNN Architectures, Dataset Characteristics and Transfer Learning},
  author={Hoo-Chang Shin and Holger R. Roth and Mingchen Gao and Le Lu and others},
  journal={EEE Transactions on Medical Imaging},
  volume = {35},
  number = {5},
  pages = {1285-1298},
  year={2016},
  month = {May},
}

@article{radford2021,
  title={Learning Transferable Visual Models From Natural Language Supervision},
  author={Alec Radford and Jong Wook Kim and Chris Hallacy and Aditya Ramesh and Gabriel Goh and others},
  journal={arXiv:2103.00020},
  year={2021},
  month={Feb},
}

@article{dosovitskiy2021,
  title={An Image is Worth 16x16 Words: Transformers for Image Recognition at Scale},
  author={Alexey Dosovitskiy and Lucas Beyer and Alexander Kolesnikov and Dirk Weissenborn and others},
  journal={arXiv:2010.11929},
  year={2021},
  month={Jun},
}

@article{oquab2024,
  title={DINOv2: Learning Robust Visual Features without Supervision},
  author={Maxime Oquab and Timothée Darcet and Théo Moutakanni and others},
  journal={arXiv:2304.07193},
  year={2024},
  month={Feb},
}
